<record><leader>00000cas a2200000 a 4500</leader><controlfield tag="001">33827468</controlfield><controlfield tag="008">951130d1889189ufluwr ne      0    0eng c</controlfield><datafield ind1=" " ind2=" " tag="010"><subfield code="a">sn 95047339 </subfield></datafield><datafield ind1=" " ind2=" " tag="040"><subfield code="a">FUG</subfield><subfield code="b">eng</subfield><subfield code="c">FUG</subfield><subfield code="d">OCLCQ</subfield><subfield code="d">OCLCF</subfield><subfield code="d">OCLCO</subfield></datafield><datafield ind1=" " ind2=" " tag="012"><subfield code="i">9511</subfield></datafield><datafield ind1="1" ind2=" " tag="029"><subfield code="a">AU@</subfield><subfield code="b">000025891577</subfield></datafield><datafield ind1=" " ind2=" " tag="042"><subfield code="a">pcc</subfield></datafield><datafield ind1=" " ind2=" " tag="043"><subfield code="a">n-us-fl</subfield></datafield><datafield ind1="0" ind2="0" tag="245"><subfield code="a">St. Augustine weekly news.</subfield></datafield><datafield ind1="3" ind2=" " tag="246"><subfield code="a">Saint Augustine weekly news</subfield></datafield><datafield ind1=" " ind2=" " tag="260"><subfield code="a">St. Augustine, Fla. :</subfield><subfield code="b">St. Augustine News Co.</subfield></datafield><datafield ind1=" " ind2=" " tag="300"><subfield code="a">v.</subfield></datafield><datafield ind1=" " ind2=" " tag="310"><subfield code="a">Weekly</subfield></datafield><datafield ind1="1" ind2=" " tag="362"><subfield code="a">Began Jan 10, 1889.</subfield></datafield><datafield ind1=" " ind2=" " tag="515"><subfield code="a">Jan. 31, 1889 issue also called vol. 1, no. 1; correct numbering sequence begins with vol. 1, no. 5 (Feb. 7, 1889).</subfield></datafield><datafield ind1=" " ind2=" " tag="588"><subfield code="a">Description based on: Vol. 1, no. 3 [i.e 2] (Jan. 17, 1889).</subfield></datafield><datafield ind1=" " ind2=" " tag="588"><subfield code="a">Latest issue consulted: Vol. 1, no. 52 (Jan. 2, 1890).</subfield></datafield><datafield ind1=" " ind2="0" tag="651"><subfield code="a">Saint Augustine (Fla.)</subfield><subfield code="v">Newspapers.</subfield></datafield><datafield ind1=" " ind2="0" tag="651"><subfield code="a">Saint Johns County (Fla.)</subfield><subfield code="v">Newspapers.</subfield></datafield><datafield ind1=" " ind2="7" tag="655"><subfield code="a">Newspapers.</subfield><subfield code="2">fast</subfield><subfield code="0">(OCoLC)fst01423814</subfield></datafield><datafield ind1=" " ind2="7" tag="651"><subfield code="a">Florida</subfield><subfield code="z">Saint Augustine.</subfield><subfield code="2">fast</subfield><subfield code="0">(OCoLC)fst01206165</subfield></datafield><datafield ind1=" " ind2="7" tag="651"><subfield code="a">Florida</subfield><subfield code="z">Saint Johns County.</subfield><subfield code="2">fast</subfield><subfield code="0">(OCoLC)fst01206166</subfield></datafield><datafield ind1=" " ind2=" " tag="752"><subfield code="a">United States</subfield><subfield code="b">Florida</subfield><subfield code="c">Saint Johns</subfield><subfield code="d">Saint Augustine.</subfield></datafield><datafield ind1="0" ind2="0" tag="785"><subfield code="t">St. Augustine news</subfield><subfield code="w">(DLC)sn 95047340</subfield><subfield code="w">(OCoLC)33827469</subfield></datafield><datafield ind1=" " ind2=" " tag="850"><subfield code="a">FU</subfield></datafield></record>